@misc{doersch2016tutorial,
      title={Tutorial on Variational Autoencoders}, 
      author={Carl Doersch},
      year={2016},
      eprint={1606.05908},
      archivePrefix={arXiv},
      primaryClass={stat.ML}
}

@misc{kingma2014autoencoding,
      title={Auto-Encoding Variational Bayes}, 
      author={Diederik P Kingma and Max Welling},
      year={2014},
      eprint={1312.6114},
      archivePrefix={arXiv},
      primaryClass={stat.ML}
}

@misc{jaanaltosaar,
  title = {Understanding Variational Autoencoders from two perspectives: deep learning and graphical models},
  author = {Jaan Altosaar},
  howpublished = {\url{https://jaan.io/what-is-variational-autoencoder-vae-tutorial/}},
}

@misc{cs228,
  title = {The variational auto-encoder},
  howpublished = {\url{https://ermongroup.github.io/cs228-notes/extras/vae/}},
}

@book{Goodfellow-et-al-2016,
    title={Deep Learning},
    author={Ian Goodfellow and Yoshua Bengio and Aaron Courville},
    publisher={MIT Press},
    note={\url{http://www.deeplearningbook.org}},
    year={2016}
}

@article{10.5555/1756006.1953039,
author = {Vincent, Pascal and Larochelle, Hugo and Lajoie, Isabelle and Bengio, Yoshua and Manzagol, Pierre-Antoine},
title = {Stacked Denoising Autoencoders: Learning Useful Representations in a Deep Network with a Local Denoising Criterion},
year = {2010},
issue_date = {3/1/2010},
publisher = {JMLR.org},
volume = {11},
issn = {1532-4435},
journal = {J. Mach. Learn. Res.},
month = dec,
pages = {3371â€“3408},
numpages = {38}
}

@book{10.1007/978-3-319-94463-0,
author = {Charu C. Aggarwal},
title = {Neural Networks and Deep Learning},
year = {2018},
isbn = {978-3-319-94463-0},
publisher = {Springer International Publishing},
address = {Berlin, Heidelberg}
}
